<?xml version="1.0" encoding="UTF-8"?>
<record xmlns="http://www.loc.gov/MARC21/slim" xmlns:xsi="http://www.w3.org/2001/XMLSchema-instance" xsi:schemaLocation="http://www.loc.gov/MARC21/slim http://www.loc.gov/standards/marcxml/schema/MARC21slim.xsd">
<leader>00000cam a2200277u  4500</leader>
<controlfield tag="001">001680313</controlfield>
<controlfield tag="003">NNU</controlfield>
<controlfield tag="005">20130415131526.0</controlfield>
<controlfield tag="008">830602m19689999iq a     e    000 0 arar</controlfield>
<datafield tag="010" ind1=" " ind2=" ">
<subfield code="a">68002144 /ne</subfield>
</datafield>
<datafield tag="035" ind1="9" ind2=" ">
<subfield code="a">NYUb12223716</subfield>
</datafield>
<datafield tag="035" ind1=" " ind2=" ">
<subfield code="a">(MNU)notisAMQ1434</subfield>
</datafield>
<datafield tag="035" ind1=" " ind2=" ">
<subfield code="a">(CStRLIN)MNUGAMQ1434-B</subfield>
<subfield code="z">(CStRLIN)MIUG83-B39386</subfield>
</datafield>
<datafield tag="040" ind1=" " ind2=" ">
<subfield code="a">DLC</subfield>
<subfield code="c">MiU</subfield>
<subfield code="d">MiU</subfield>
</datafield>
<datafield tag="050" ind1=" " ind2=" ">
<subfield code="a">PJ7816</subfield>
<subfield code="b">.A44</subfield>
</datafield>
<datafield tag="100" ind1="1" ind2=" ">
<subfield code="a">Baḥr al-ʻUlūm, Muḥammad Ṣāliḥ,</subfield>
<subfield code="d">1909-</subfield>
</datafield>
<datafield tag="240" ind1="1" ind2="0">
<subfield code="a">Dīwān</subfield>
</datafield>
<datafield tag="245" ind1="1" ind2="0">
<subfield code="a">Dīwān Baḥr al-ʻUlūm.</subfield>
</datafield>
<datafield tag="250" ind1=" " ind2=" ">
<subfield code="a">al-Ṭabʻah 1.</subfield>
</datafield>
<datafield tag="260" ind1=" " ind2=" ">
<subfield code="a">Baghdād :</subfield>
<subfield code="b">Maṭbaʻat Dār al-Taḍāmun,</subfield>
<subfield code="c">1968-</subfield>
</datafield>
<datafield tag="300" ind1=" " ind2=" ">
<subfield code="a">v. :</subfield>
<subfield code="b">ill., ports. ;</subfield>
<subfield code="c">24 cm.</subfield>
</datafield>
<datafield tag="500" ind1=" " ind2=" ">
<subfield code="a">At head of title* Shāʻir al-shaʻb Muḥammad Ṣāliḥ Baḥr al-ʻUlūm.</subfield>
</datafield>
<datafield tag="500" ind1=" " ind2=" ">
<subfield code="a">Cover title: Bahr al-Ulum divan/Mohamed Saleh Bahr al-Ulum.</subfield>
</datafield>
<datafield tag="OWN" ind1=" " ind2=" ">
<subfield code="a">GENERAL</subfield>
</datafield>
<datafield tag="STA" ind1=" " ind2=" ">
<subfield code="a">DELETED</subfield>
</datafield>
<datafield tag="950" ind1=" " ind2=" ">
<subfield code="l">BMAIN</subfield>
<subfield code="a">PJ7816</subfield>
<subfield code="b">.A44 1968</subfield>
</datafield>
<datafield tag="955" ind1=" " ind2=" ">
<subfield code="l">BMAIN</subfield>
<subfield code="c">1:v.1</subfield>
<subfield code="r">028864612</subfield>
</datafield>
<datafield tag="955" ind1=" " ind2=" ">
<subfield code="l">BMAIN</subfield>
<subfield code="c">1:v.2</subfield>
<subfield code="r">028864679</subfield>
</datafield>
<datafield tag="998" ind1=" " ind2=" ">
<subfield code="s">9115</subfield>
</datafield>
</record>
